@article{Sha08a,
	author = {L. F. Shampine},
	date-added = {2012-06-23 20:46:34 +0000},
	date-modified = {2015-02-07 16:11:03 +0000},
	doi = {10.1016/j.cam.2006.11.021},
	journal = jcam,
	pages = {131--140},
	title = {Vectorized Adaptive Quadrature in {\textsc{Matlab}\xspace}},
	volume = {211},
	year = {2008},
	Bdsk-File-1 = {YnBsaXN0MDDSAQIDBFxyZWxhdGl2ZVBhdGhZYWxpYXNEYXRhXxBsLi4vLi4vLi4vLi4vLi4vQXJ0aWNsZXNfVGFsa3MvUHJlcHJpbnRzOlJlcHJpbnRzL04tUyByZXByaW50cy9MYXJyeVNoYW1waW5lL1ZlY3Rvcml6ZWRBZGFwdGl2ZVF1YWRyYXR1cmUucGRmTxECDgAAAAACDgACAAAMTWFjaW50b3NoIEhEAAAAAAAAAAAAAAAAAAAAAAAAAEJEAAH/////H1ZlY3Rvcml6ZWRBZGFwdGl2ZSNGRkZGRkZGRi5wZGYAAAAAAAAAAAAAAAAAAAAAAAAAAAAAAAAAAAAAAAAAAP////8AAAAAAAAAAAAAAAAABQAFAAAKIGN1AAAAAAAAAAAAAAAAAA1MYXJyeVNoYW1waW5lAAACAHUvOlVzZXJzOmZyZWRqaGlja2VybmVsbDpBcnRpY2xlc19UYWxrczpQcmVwcmludHMvUmVwcmludHM6Ti1TIHJlcHJpbnRzOkxhcnJ5U2hhbXBpbmU6VmVjdG9yaXplZEFkYXB0aXZlUXVhZHJhdHVyZS5wZGYAAA4AQgAgAFYAZQBjAHQAbwByAGkAegBlAGQAQQBkAGEAcAB0AGkAdgBlAFEAdQBhAGQAcgBhAHQAdQByAGUALgBwAGQAZgAPABoADABNAGEAYwBpAG4AdABvAHMAaAAgAEgARAASAHNVc2Vycy9mcmVkamhpY2tlcm5lbGwvQXJ0aWNsZXNfVGFsa3MvUHJlcHJpbnRzOlJlcHJpbnRzL04tUyByZXByaW50cy9MYXJyeVNoYW1waW5lL1ZlY3Rvcml6ZWRBZGFwdGl2ZVF1YWRyYXR1cmUucGRmAAATAAEvAAAVAAIAFv//AAAACAANABoAJACTAAAAAAAAAgEAAAAAAAAABQAAAAAAAAAAAAAAAAAAAqU=},
	Bdsk-Url-1 = {http://dx.doi.org/10.1016/j.cam.2006.11.021}}

