
@Book{FassBook2007,
author = {G. E. Fasshauer},
title = {Meshfree Approximation Methods with Matlab},
publisher = {World Scientific Publishing Co},
year = {2007},
}

@Book{WendlandBook,
author = {Wendland,H.},
title = {Scattered Data Approximation},
publisher = {Cambridge University Press (Cambridge)},
year = {2005},
}

@Book{FassMcCourtBook2015,
author = {G. E. Fasshauer, Michael McCourt},
title = {Kernel-based Approximation Methods using MATLAB},
publisher = {World Scientific Publishing Co},
year = {2015},
}

@Book{Bernsteinbook2009,
author = {Dennis S. Bernstein},
title = {Matrix Mathematics, Theory, Facts, and Formulas},
publisher = {Princeton University Press},
year = {2009},
}

@Book{NumerRecip,
author = {Press W. H., Teukolsky S. A., Vetterling W. T., and Flannery B. P.},
title = {Numerical Recipes in C., Second edition},
publisher = {Cambridge University Press},
year = {1992},
}

@phdthesis{xuanThesis2015,
author  = {Xuan Zhou},
school  = {Illinois Inst of Tech, Chicago},
title   = {Function approximation with kernel methods},
type    = {PhD Thesis},
year    = {Dec 2015},
url  = {www.math.iit.edu}
}

@article{johnsonRobinson1981,
author = {Charles R. Johnson and Herbert A. Robinson},
title = {Elgenvalue Inequalities for Principal Submatrices},
journal = {Linear Algebra and its Applications},
volume = {37},
number  = {},
pages = {11-22},
year = {1981}
}

@article{RCThompson1,
author = {R. C. Thompson},
title = {Principal submatrices of normal and {H}ermitian matrices},
journal = {Illinois J. Math.},
volume = {10},
number  = {},
pages = {296-308},
year = {1966}
}

@article{RCThompson2,
author = {R. C. Thompson and P. McEnteggert},
title = {Principal Sub matrices II: The upper and lower quadratic inequalities},
journal = {Linear Algebra and its Applications},
volume = {1},
number  = {},
pages = {211-243},
year = {1968}
}


@article{RCThompson3,
author = {R. C. Thompson},
title = {Principal submatrices III: Linear inequalities},
journal = {J. Res. NBS},
volume = {Vol 72B (Math. Sci.)},
number  = {No.1},
pages = {7-23},
year = {1968}
}



@article{RCThompson4,
author = {R. C. Thompson},
title = {Principal submatrices IV: On the independence of the eigenvalues of different principal submatrices},
journal = {J. Res. NBS},
volume = {Vol 72B (Math. Sci.)},
number  = {No.2},
pages = {115-126},
year = {1968}
}


	
@article{ToniLattice,
author = {L.A.J. Rugama and F.J. Hickernell },
title = {Adaptive Multidimensional Integration based on Rank-1 Lattices},
journal = {Monte Carlo and Quasi-Monte Carlo Methods},
volume = {vol 163 Springer Proceedings in Mathematics and Statistics },
number  = {},
pages = {407-422},
year = {2016}
}


@article{Rank1Lattice,
author = {Sabrina Dammertz, Alexander Keller},
title = {Image Synthesis by Rank-1 Lattices},
journal = {Monte Carlo and Quasi-Monte Carlo Methods},
volume = {Part 2 },
number  = {},
pages = {217-236},
year = {2006}
}


@Book{NiederreiterHbook,
author = {Niederreiter, H},
title = {Random Number Generation and Quasi-Monte Carlo Methods},
publisher = {BMS-NSF
Regional Conference Series in Applied Mathematics. SIAM, Philadelphia. },
year = {1992},
}

@article{DLMF,
author = {DLMF},
title = {NIST Digital Library of Mathematical Functions},
journal = {http://dlmf.nist.gov/},
volume = {Part 2 },
number  = {},
pages = {Release 1.0.5 of 2012-10-01},
year = {2012}
}

@article{KeisterExample,
author = {B. D. Keister},
title = {Multidimensional quadrature algorithms},
journal = {Computers in Physics},
volume = {10 },
number  = {},
pages = {119-122},
year = {1996}
}


@article{RasmussenBayesian,
author = {Rasmussen, C. E. and Z. Ghahramani.},
title = {Bayesian Monte Carlo},
journal = {Advances in Neural Information Processing Systems},
volume = {},
number  = {},
pages = {489-496},
year = {2003}
}


@article{DiaconisBayesian,
author = {Diaconis, P.},
title = {Bayesian numerical analysis},
journal = {Statistical decision theory and related topics IV, Papers from the 4th Purdue symp., West Lafayette, Indiana 1986,},
volume = {},
number  = {},
pages = {163–175},
year = {1988}
}

@article{RiterAverage,
author = {Ritter, K.},
title = {Average-case analysis of numerical problems},
journal = {Lecture Notes in Mathematics, Springer-Verlag, Berlin},
volume = {vol. 1733},
number  = {},
pages = {163–175},
year = {2000}
}

@article{HagenBayes,
author = {O'Hagan, A.},
title = {Bayes-{H}ermite quadrature},
journal = {J. Statist. Plann. Inference},
volume = {29},
number  = {},
pages = {245–260},
year = {1991}
}

@article{Gen93,
author={Genz, A.},
title={Comparison of methods for the computation of multivariate normal probabilities},
year={1993},
journal={Computing Science and Statistics},
volume={25},
pages={400 - 405},
}


@article{Fred2017,
author={Fred J. Hickernell},
title={Error Analysis for Quasi-Monte Carlo Methods},
year={2017},
journal={arXiv:1702.01487 [math.NA]},
volume={},
pages={},
}

@article{Dirk2013,
author={Dirk Nuyens},
title={The construction of good lattice rules and polynomial lattice rules},
year={2013},
journal={arXiv:1308.3601 [math.NA]},
volume={},
pages={},
}

@article{WahbaGCV,
	author={Grace Wahba},
	title={A Comparison of GCV and GML for Choosing the Smoothing Parameter in the Generalized Spline Smoothing Problem},
	year={1985},
	journal={The Annals of Statistics},
	volume={13},
	pages={1378-1402},
}

@Inbook{Sidi1993,
	author="Sidi, Avram",
	editor="Brass, H.
	and H{\"a}mmerlin, G.",
	title="A New Variable Transformation for Numerical Integration",
	bookTitle="Numerical Integration IV: Proceedings of the Conference at the Mathematical Research Institute, Oberwolfach, November 8--14, 1992",
	year="1993",
	publisher="Birkh{\"a}user Basel",
	address="Basel",
	pages="359--373",
	isbn="978-3-0348-6338-4",
	doi="10.1007/978-3-0348-6338-4_27",
	url="https://doi.org/10.1007/978-3-0348-6338-4_27"
}

@inproceedings{Sidi2008FurtherEO,
	title={Further extension of a class of periodizing variable transformations for numerical integration},
	author={Avram Sidi},
	year={2008}
}

@article{LaurieVarTx,
	author = {Laurie, Dirk},
	year = {1996},
	month = {01},
	pages = {337–344},
	title = {Periodizing transformation for numerical integration},
	volume = {66},
	booktitle = {Journal of Computational and Applied Mathematics}
}
